@misc{traceroutemanual,
  title = {traceroute Man Page},
  howpublished = {\url{https://ss64.com/osx/traceroute.html}},
  note = {Accessed: 2018-09-16}
}

@inproceedings{sklearn_api,
  author    = {Lars Buitinck and Gilles Louppe and Mathieu Blondel and
               Fabian Pedregosa and Andreas Mueller and Olivier Grisel and
               Vlad Niculae and Peter Prettenhofer and Alexandre Gramfort
               and Jaques Grobler and Robert Layton and Jake VanderPlas and
               Arnaud Joly and Brian Holt and Ga{\"{e}}l Varoquaux},
  title     = {{API} design for machine learning software: experiences from the scikit-learn
               project},
  booktitle = {ECML PKDD Workshop: Languages for Data Mining and Machine Learning},
  year      = {2013},
  pages = {108--122},
}

@article{mckinneypandas,
  title={pandas: a Foundational Python Library for Data Analysis and Statistics},
  author={McKinney, Wes}
}

@InProceedings{ mckinney-proc-scipy-2010, 
  author    = { Wes McKinney }, 
  title     = { Data Structures for Statistical Computing in Python }, 
  booktitle = { Proceedings of the 9th Python in Science Conference }, 
  pages     = { 51 - 56 }, 
  year      = { 2010 }, 
  editor    = { St\'efan van der Walt and Jarrod Millman } 
} 

@article{Oliphant:2007:PSC:1251563.1251830,
 author = {Oliphant, Travis E.},
 title = {Python for Scientific Computing},
 journal = {Computing in Science and Engg.},
 issue_date = {May 2007},
 volume = {9},
 number = {3},
 month = may,
 year = {2007},
 issn = {1521-9615},
 pages = {10--20},
 numpages = {11},
 url = {http://dx.doi.org/10.1109/MCSE.2007.58},
 doi = {10.1109/MCSE.2007.58},
 acmid = {1251830},
 publisher = {IEEE Educational Activities Department},
 address = {Piscataway, NJ, USA},
 keywords = {Python, Python, computer languages, scientific programming, scientific computing, computer languages, scientific computing, scientific programming},
} 


@article{hunter2007matplotlib,
  abstract = {Matplotlib is a 2D graphics package used for Python
  for application development, interactive scripting, and
  publication-quality image generation across user
  interfaces and operating systems.},
  added-at = {2013-01-23T13:27:04.000+0100},
  author = {Hunter, J. D.},
  biburl = {https://www.bibsonomy.org/bibtex/2f1b4e9839486292b1adf7127115191a9/thorade},
  doi = {10.1109/MCSE.2007.55},
  interhash = {70635510a905e8facada351f75f3e0a6},
  intrahash = {f1b4e9839486292b1adf7127115191a9},
  journal = {Computing In Science \& Engineering},
  keywords = {2007 Python mathematics visualization},
  number = 3,
  pages = {90--95},
  publisher = {IEEE COMPUTER SOC},
  timestamp = {2014-12-16T16:43:55.000+0100},
  title = {Matplotlib: A 2D graphics environment},
  url = {http://dx.doi.org/10.1109/MCSE.2007.55},
  volume = 9,
  year = 2007
}

@misc{wiki:BDP,
   author = "{Wikipedia contributors}",
   title = "Bandwidth-delay product",
   year = "2018",
   url = "https://en.wikipedia.org/wiki/Bandwidth-delay_product",
   note = "[Online; accessed 17-Sep-2018]"
 }

@article{Chen:2004:UBP:2285778.2286085,
 author = {Chen, Kai and Xue, Yuan and Shah, Samarth H. and Nahrstedt, Klara},
 title = {Understanding Bandwidth-delay Product in Mobile Ad Hoc Networks},
 journal = {Comput. Commun.},
 issue_date = {June, 2004},
 volume = {27},
 number = {10},
 month = jun,
 year = {2004},
 issn = {0140-3664},
 pages = {923--934},
 numpages = {12},
 url = {http://dx.doi.org/10.1016/j.comcom.2004.01.020},
 doi = {10.1016/j.comcom.2004.01.020},
 acmid = {2286085},
 publisher = {Elsevier Science Publishers B. V.},
 address = {Amsterdam, The Netherlands, The Netherlands},
 keywords = {Bandwidth-delay product, Congestion window limit, Mobile ad hoc networks, TCP},
} 

@INPROCEEDINGS{5199079, 
author={Q. Fu}, 
booktitle={2009 IEEE International Conference on Communications}, 
title={Improving Throughput in High Bandwidth-Delay Product Networks with Random Packet Losses}, 
year={2009}, 
volume={}, 
number={}, 
pages={1-6}, 
keywords={telecommunication congestion control;transport protocols;wireless channels;throughput;high bandwidth-delay product networks;random packet losses;TCP Parallelisation;Throughput;Performance loss;Standards development;Communications Society;Computer science;Lakes;Australia;Communication standards;Standards publication;Telecommunication standards}, 
doi={10.1109/ICC.2009.5199079}, 
ISSN={1550-3607}, 
month={June},}